<record><leader>00000cas a22000007a 4500</leader><controlfield tag="001">39474368</controlfield><controlfield tag="008">980713d1uuu1911sduwr ne      0   a0eng d</controlfield><datafield ind1=" " ind2=" " tag="010"><subfield code="a">sn 98069054 </subfield></datafield><datafield ind1=" " ind2=" " tag="040"><subfield code="a">SXN</subfield><subfield code="b">eng</subfield><subfield code="c">SXN</subfield><subfield code="d">OCLCQ</subfield><subfield code="d">OCLCF</subfield><subfield code="d">OCLCO</subfield></datafield><datafield ind1="1" ind2=" " tag="029"><subfield code="a">AU@</subfield><subfield code="b">000014094813</subfield></datafield><datafield ind1=" " ind2=" " tag="042"><subfield code="a">msc</subfield></datafield><datafield ind1=" " ind2=" " tag="043"><subfield code="a">n-us-sd</subfield></datafield><datafield ind1="0" ind2=" " tag="130"><subfield code="a">State journal (Evarts, S.D.)</subfield></datafield><datafield ind1="1" ind2="4" tag="245"><subfield code="a">The state journal.</subfield></datafield><datafield ind1="1" ind2="7" tag="246"><subfield code="a">Evarts journal</subfield></datafield><datafield ind1="1" ind2="7" tag="246"><subfield code="a">Glenham journal</subfield></datafield><datafield ind1=" " ind2=" " tag="260"><subfield code="a">Evarts, Walworth County, S.D. :</subfield><subfield code="b">Kellogg &amp; Bailey</subfield></datafield><datafield ind1=" " ind2=" " tag="300"><subfield code="a">v.</subfield></datafield><datafield ind1=" " ind2=" " tag="310"><subfield code="a">Weekly</subfield></datafield><datafield ind1="0" ind2=" " tag="362"><subfield code="a">-v. 11, no. 18 (Sept. 1, 1911).</subfield></datafield><datafield ind1=" " ind2=" " tag="500"><subfield code="a">Published in: Evarts, &lt;Apr. 7, 1904-Mar. 12, 1908&gt;; and in: Glenham, &lt;Mar. 27, 1908&gt;-1911.</subfield></datafield><datafield ind1=" " ind2=" " tag="530"><subfield code="a">Available on microfilm from: State Archives, South Dakota State Historical Society.</subfield></datafield><datafield ind1=" " ind2=" " tag="588"><subfield code="a">Description based on: Vol. 3, no. 52 (Apr. 7, 1904).</subfield></datafield><datafield ind1=" " ind2="0" tag="651"><subfield code="a">Evarts (S.D.)</subfield><subfield code="v">Newspapers.</subfield></datafield><datafield ind1=" " ind2="0" tag="651"><subfield code="a">Glenham (S.D.)</subfield><subfield code="v">Newspapers.</subfield></datafield><datafield ind1=" " ind2="0" tag="651"><subfield code="a">Walworth County (S.D.)</subfield><subfield code="v">Newspapers.</subfield></datafield><datafield ind1=" " ind2="7" tag="655"><subfield code="a">Newspapers.</subfield><subfield code="2">fast</subfield><subfield code="0">(OCoLC)fst01423814</subfield></datafield><datafield ind1=" " ind2="7" tag="651"><subfield code="a">South Dakota</subfield><subfield code="z">Evarts.</subfield><subfield code="2">fast</subfield><subfield code="0">(OCoLC)fst01288181</subfield></datafield><datafield ind1=" " ind2="7" tag="651"><subfield code="a">South Dakota</subfield><subfield code="z">Glenham.</subfield><subfield code="2">fast</subfield><subfield code="0">(OCoLC)fst01288143</subfield></datafield><datafield ind1=" " ind2="7" tag="651"><subfield code="a">South Dakota</subfield><subfield code="z">Walworth County.</subfield><subfield code="2">fast</subfield><subfield code="0">(OCoLC)fst01215594</subfield></datafield><datafield ind1=" " ind2=" " tag="752"><subfield code="a">United States</subfield><subfield code="b">South Dakota</subfield><subfield code="c">Walworth</subfield><subfield code="d">Glenham.</subfield></datafield><datafield ind1=" " ind2=" " tag="752"><subfield code="a">United States</subfield><subfield code="b">South Dakota</subfield><subfield code="c">Walworth</subfield><subfield code="d">Evarts.</subfield></datafield><datafield ind1="0" ind2="0" tag="785"><subfield code="t">Glenham journal</subfield><subfield code="w">(DLC)sn 98069051</subfield></datafield></record>